@inproceedings{bespalov2011sentiment,
  title={Sentiment classification based on supervised latent n-gram analysis},
  author={Bespalov, Dmitriy and Bai, Bing and Qi, Yanjun and Shokoufandeh, Ali},
  booktitle={Proceedings of the 20th ACM international conference on Information and knowledge management},
  pages={375--382},
  year={2011},
  organization={ACM}
}

@inproceedings{pang2002thumbs,
  title={Thumbs up?: sentiment classification using machine learning techniques},
  author={Pang, Bo and Lee, Lillian and Vaithyanathan, Shivakumar},
  booktitle={Proceedings of the ACL-02 conference on Empirical methods in natural language processing-Volume 10},
  pages={79--86},
  year={2002},
  organization={Association for Computational Linguistics}
}

@inproceedings{tang2014learning,
  title={Learning Sentiment-Specific Word Embedding for Twitter Sentiment Classification.},
  author={Tang, Duyu and Wei, Furu and Yang, Nan and Zhou, Ming and Liu, Ting and Qin, Bing},
  booktitle={ACL (1)},
  pages={1555--1565},
  year={2014}
}

@inproceedings{pennington2014glove,
  title={Glove: Global Vectors for Word Representation.},
  author={Pennington, Jeffrey and Socher, Richard and Manning, Christopher D},
  booktitle={EMNLP},
  volume={14},
  pages={1532--43},
  year={2014}
}

@inproceedings{turian2010word,
  title={Word representations: a simple and general method for semi-supervised learning},
  author={Turian, Joseph and Ratinov, Lev and Bengio, Yoshua},
  booktitle={Proceedings of the 48th annual meeting of the association for computational linguistics},
  pages={384--394},
  year={2010},
  organization={Association for Computational Linguistics}
}

@article{mikolov2013efficient,
  title={Efficient estimation of word representations in vector space},
  author={Mikolov, Tomas and Chen, Kai and Corrado, Greg and Dean, Jeffrey},
  journal={arXiv preprint arXiv:1301.3781},
  year={2013}
}

@misc{carbon2014applications,
  title={Applications of Machine Learning to Predict Yelp Ratings},
  author={Carbon, Kyle and Fujii, Kacyn and Veerina, Prasanth},
  year={2014},
  publisher={Stanford Univ., Stanford, CA}
}